@ONLINE {DIE0,
author = {die.net},
title = {ptrace(2) - Linux man page},
url = {http://linux.die.net/man/2/ptrace},
urldate = {2014-01-13}
}
@ONLINE {WIK0,
author = {wikipedia.org},
title = {x86 instruction listings},
url = {https://en.wikipedia.org/wiki/X86_instruction_listings},
urldate = {2014-01-13}
}
@ONLINE {JES0,
author = {Ren√© Jeschke},
title = {x86 Instruction Set Reference},
url = {http://x86.renejeschke.de/html/file_module_x86_id_313.html},
urldate = {2014-01-13}
}
@ONLINE {X860,
author = {Jan Hubicka},
title = {Gentle Introduction to x86-64 Assembly},
url = {http://www.x86-64.org/documentation/assembly.html},
urldate = {2014-01-13}
}
@ONLINE {CVE0,
author = {cve.mitre.org},
title = {CVE-2010-3301},
url = {https://cve.mitre.org/cgi-bin/cvename.cgi?name=CVE-2010-3301},
urldate = {2014-01-13}
}
@ONLINE {ELH0,
author = {Nelson Elhage},
title = {CVE-2007-4573: The Anatomy of a Kernel Exploit},
month = feb,
year = {2010},
url = {https://blog.nelhage.com/2010/02/cve-2007-4573-the-anatomy-of-a-kernel-exploit/},
urldate = {2014-01-13}
}
@ONLINE {DAM0,
author = {Joe Damato},
title = {detailed explanation of a recent privilege escalation bug in linux (CVE-2010-3301)},
month = sep,
year = {2010},
url = {http://timetobleed.com/detailed-explanation-of-a-recent-privilege-escalation-bug-in-linux-cve-2010-3301/},
urldate = {2014-01-13}
}
@ONLINE {XOR0,
author = {xorl},
title = {CVE-2007-4573: Linux kernel IA32 System Call Emulation Vulnerability},
month = aug,
year = {2009},
url = {http://xorl.wordpress.com/2009/08/07/cve-2007-4573-linux-kernel-ia32-system-call-emulation-vulnerability/},
urldate = {2014-01-13}
}
@ONLINE {ZHA0,
author = {Stephen Zhang},
title = {Introducing Linux Kernel Symbols},
month = mar,
year = {2011},
url = {http://onebitbug.me/2011/03/04/introducing-linux-kernel-symbols/},
urldate = {2014-01-13}
}
